@Article{Ozimek2011,
author = {Adam Ozimek and Daniel Miles},
title = {Stata utilities for geocoding and generating travel time and travel distance information},
journal = {The Stata Journal},
year = {2011},
volume = {11},
number = {1},
pages = {106-119}
}
@Misc{Traveltime3,
  author={Stefan Bernhard},
  title={TRAVELTIME3: Stata command to retrieve travel time and road distance between two locations},
  year=2013,
  month=Jul,
  howpublished={Statistical Software Components, Boston College Department of Economics},
  abstract={This command uses coordinates or addresses to retrieve distance and travel time between two locations via Google Distancematrix.},
  keywords={spatial coordinates; Google Distancematrix},
  url={http://ideas.repec.org/c/boc/bocode/s457670.html},
}
@Misc{MapquestTOU,
title={MapQuest Platform Terms of Use}, url={http://developer.mapquest.com/web/info/terms-of-use}
}
@Misc{OSMTOU,
title={OpenStreetmaps Legal FAQ},
url={http://wiki.openstreetmap.org/wiki/Legal_FAQ#I_would_like_to_use_OpenStreetMap_maps._How_should_I_credit_you.3F}
}
